% This file was created with JabRef 2.4.2.
% Encoding: Cp1252
@Article{Inselberg_1985,
    author = {A. Inselberg},
    title = {The Plane with Parallel Coordinates},
    journal = {The Visual Computer},
    volume = {1},
    number = {4},
    year = {1985},
    pages = {69--91},

}

@InProceedings{Johansson_2005,
    author = {J. Johansson and M. Cooper and M. Jern},
    title = {3-Dimensional Display for Clustered Multi-Relational Parallel Coordinates},
    booktitle = {Proceedings IEEE International Conference on Information Visualization, IV05},
    year = {2005},
    pages = {188--193}
}


@INPROCEEDINGS{Forsell_2010,
  author = {Camilla Forsell and Jimmy Johansson},
  title = {An Heuristic Set for Evaluation in Information Visualization},
  booktitle = {Accepted to Proceedings of AVI 2010: International Conference on Advanced
	Visualization Interfaces},
  year = {2010},
  pages = {199--206},
  address = {Rome, Italy},
  month = {May},
  publisher = {ACM Press},
  owner = {Matt},
  timestamp = {2010.04.13}
}

@article{Johansson_2008,
author = {Johansson, Jimmy and Forsell, Camilla and Lind, Mats and Cooper, Matthew}, 
title = {Perceiving Patterns in Parallel Coordinates: Determining Thresholds for Identification of Relationships},
volume = {7}, 
number = {2}, 
pages = {152--162}, 
year = {2008}, 
journal = {Information Visualization} 
}


@BOOK{Tan_2005,
  title = {Introduction to Data Mining},
  publisher = {Addison-Wesley Longman Publishing Co., Inc.},
  year = {2005},
  author = {Tan, Pang-Ning and Steinbach, Michael and Kumar, Vipin},
  address = {Boston, MA, USA},
  isbn = {0321321367}
}



